@article{ginzburg1950k,
    author={Ginzburg, V. L. and Landau, L. D.},
    title={K teorij sverkhprovodimosti},
    year={1950},
    journal={Zh. Eksp. Teor. Fiz.},
    volume={20},
    pages={1064},
    doi={10.1016/B978-0-08-010586-4.50078-X}
}

@article{aranson2002world,
    author={Aranson, I. S. and Kramer, L.},
    title={The world of the complex {G}inzburg-{L}andau equation},
    year={2002},
    journal={Rev. Mod. Phys.},
    volume={74},
    pages={99},
    doi={10.1103/RevModPhys.74.99}
}

@article{li2024measuring,
    author={Li, J. and Liu, C. W. J. and Szurek, M. and Fakhri, N.},
    title={Measuring irreversibility from learned representations of biological patterns},
    year={2024},
    journal={PRX Life},
    volume={2},
    pages={033013},
    doi={10.1103/PRXLife.2.033013}
}

@article{turing1952chemical,
    author={Turing, A. M.},
    title={The chemical basis of morphogenesis},
    year={1952},
    journal={Phil. Trans. R. Soc. B},
    volume={237},
    pages={37},
    doi={10.1098/rstb.1952.0012}
}

@article{tan2020topological,
    title={Topological turbulence in the membrane of a living cell},
    author={Tan, T.H. and Liu, J. and Miller, P.W. and Tekant, M. and Dunkel, J. and Fakhri, N.},
    journal={Nat. Phys.},
    volume={16},
    number={6},
    pages={657},
    year={2020},
    publisher={Nature Publishing Group},
    doi={10.1038/s41567-020-0841-9}
}

@article{wigbers2021hierarchy,
    title={A hierarchy of protein patterns robustly decodes cell shape information},
    author={Wigbers, M.C. and Tan, T.H. and Brauns, F. and Liu, J. and Swartz, S.Z. and Frey, E. and Fakhri, N.},
    journal={Nat. Phys.},
    volume={17},
    number={5},
    pages={578},
    year={2021},
    publisher={Nature Publishing Group},
    doi={10.1038/s41567-021-01164-9}
}

@article{liu2021topological,
    title={Topological braiding and virtual particles on the cell membrane},
    author={Liu, J. and Totz, J.F. and Miller, P.W. and Hastewell, A.D. and Chao, Y.-C. and Dunkel, J. and Fakhri, N.},
    journal={Proc. Natl. Acad. Sci. U.S.A.},
    volume={118},
    pages={e2104191118},
    year={2021},
    doi={10.1073/pnas.2104191118}
}

@book{kuramoto1984chemical,
    title={Chemical Oscillations, Waves, and Turbulence},
    author={Kuramoto, Y.},
    pages={111--140},
    year={1984},
    publisher={Springer Berlin},
    address={Heidelberg, Baden-W\"urttemberg, Germany},
    doi={10.1007/978-3-642-69689-3},
    isbn={9783642696893}
}

@article{chate1996phase,
  title={Phase diagram of the two-dimensional complex {G}inzburg-{L}andau equation},
  author={Chat{\'e}, H. and Manneville, P.},
  journal={Physica A},
  volume={224},
  pages={348},
  year={1996},
  doi={10.1016/0378-4371(95)00361-4}
}

@article{huber1992nucleation,
    author={Huber, G. and Alstr{\o}m, P. and Bohr, T.},
    title={Nucleation and transients at the onset of vortex turbulence},
    journal={Phys. Rev. Lett.},
    volume={69},
    pages={2380},
    year={1992},
    doi={10.1103/PhysRevLett.69.2380}
}

@article{guillamat2022integer,
    author={Guillamat, P. and Blanch-Mercader, C. and Pernollet, G. and Kruse, K and Roux, A.},
    title={Integer topological defects organize stresses driving tissue morphogenesis},
    journal={Nat. Mater.},
    volume={21},
    pages={588},
    year={2022},
    doi={10.1038/s41563-022-01194-5}
}

@misc{winterbottom2005complex,
    author={Winterbottom, D.M.},
    title={The complex {G}inzburg-{L}andau equation},
    year={2005},
    publisher={GitHub},
    journal={GitHub repository},
    howpublished={\url{https://github.com/codeinthehole/codeinthehole.com/blob/58ad3d28ddefb64350ec883b291d4dbe1df096f7/www/static/tutorial/files/CGLsim2D.m}},
    commit={58ad3d28ddefb64350ec883b291d4dbe1df096f7}
}

@article{cox2002exponential,
    title = {Exponential time differencing for stiff systems},
	journal = {J. Comput. Phys.},
	volume = {176},
	pages = {430},
	year = {2002},
	doi = {10.1006/jcph.2002.6995},
	author = {Cox, S.M. and Matthews, P.C.}
}

@article{vanglist2020time,
    title = {A time to grow and a time to pause},
	journal = {Science},
	volume = {367},
	pages = {851},
	year = {2020},
	doi = {10.1126/science.aba8064},
	author = {Van Glist, M.}
}

@article{scikit-learn,
    title={Scikit-learn: Machine Learning in {P}ython},
    author={Pedregosa, F. and Varoquaux, G. and Gramfort, A. and Michel, V.
            and Thirion, B. and Grisel, O. and Blondel, M. and Prettenhofer, P.
            and Weiss, R. and Dubourg, V. and Vanderplas, J. and Passos, A. and
            Cournapeau, D. and Brucher, M. and Perrot, M. and Duchesnay, E.},
    journal={J. Mach. Learn. Res.},
    volume={12},
    pages={2825--2830},
    year={2011},
    url={http://jmlr.org/papers/v12/pedregosa11a.html}
}

@article{lbfgs,
    title = {On the limited memory BFGS method for large scale optimization},
	journal = {Math. Program.},
	volume = {45},
	pages = {503},
	year = {1989},
	doi = {10.1007/BF01589116},
	author = {Liu, D. C. and Nocedal, J.}
}

@inproceedings{saga,
    author = {Defazio, A. and Bach, F. and Lacoste-Julien, S.},
    title = {{SAGA}: a fast incremental gradient method with support for non-strongly convex composite objectives},
    year = {2014},
    publisher = {MIT Press},
    address = {Cambridge, MA, USA},
    booktitle = {Proceedings of the 27th International Conference on Neural Information Processing Systems},
    volume={1},
    pages = {1646â€“1654},
    numpages = {9},
    location = {Montreal, Canada},
    series = {NIPS'14},
    doi={10.48550/arXiv.1407.0202}
}

@article{cox1958regression,
    title={The regression analysis of binary sequences},
    author={Cox, David R},
    journal={J. R. Stat. Soc. B},
    volume={20},
    number={2},
    pages={215},
    year={1958},
    doi={10.1111/j.2517-6161.1958.tb00292.x}
}

@article{breiman1996bagging,
    title={Bagging predictors},
    author={Breiman, L.},
    journal={Machine Learning},
    volume={24},
    pages={123},
    year={1996},
    doi={10.1007/BF00058655}
}

@book{breiman1984classification,
    title={Classification and Regression Trees},
    author={Breiman, L. and Friedman, J. and Olshen, R. A. and Stone, C. J.},
    year={1984},
    publisher={Taylor \& Francis},
    address={New York, NY, USA},
    doi={10.1201/9781315139470},
    isbn={9781315139470}
}

@article{adaboost,
    title={A decision-theoretic generalization of on-line learning and an application to boosting},
    author={Freund, Y. and Schapire, R. E.},
    journal={J. Comput. Syst. Sci.},
    volume={55},
    pages={119},
    year={1997},
    doi={10.1006/jcss.1997.1504}
}

@article{brunton2020machine,
    title={Machine learning for fluid dynamics},
    author={Brunton, S L and Noack, B R and Koumoutsakos, P},
    journal={Annu. Rev. Fluid Mech.},
    volume={52},
    pages={477},
    year={2020},
    doi={10.1146/annurev-fluid-010719-060214}
}

@article{said1984testing,
    title={Testing for unit roots in autoregressive-moving average models of unknown order},
    author={Said, S E and Dickey, D A},
    journal={Biometrika},
    volume={71},
    pages={599},
    year={1984},
    doi={10.1093/biomet/71.3.599}
}

@article{nicolaou2023data,
    title = {Data-driven discovery and extrapolation of parameterized pattern-forming dynamics},
    author = {Nicolaou, Zachary G. and Huo, Guanyu and Chen, Yihui and Brunton, Steven L. and Kutz, J. Nathan},
    journal = {Phys. Rev. Res.},
    volume = {5},
    pages = {L042017},
    year = {2023},
    doi = {10.1103/PhysRevResearch.5.L042017},
}

@article{brunton2016discovering,
    title = {Discovering governing equations from data by sparse identification of nonlinear dynamical systems},
    author = {Brunton, S L and Proctor, J L and Kutz J N},
    journal = {Proc. Natl. Acad. Sci. U.S.A.},
    volume = {113},
    pages = {3932},
    year = {2016},
    doi = {10.1073/pnas.1517384113},
}

@article{herrmann2021data,
    title = {Data-driven resolvent analysis},
    author = {Herrman, B and Baddoo, P J and Semaan, R and Brunton, S L and McKeon, B J},
    journal = {J. Fluid. Mech.},
    volume = {918},
    pages = {A10},
    year = {2021},
    doi = {10.1017/jfm.2021.337},
}

@article{zhou2023development,
    title = {Development and validation of machine learning-based transient identification models in a liquid-fueled molten salt reactor system},
    author = {Zhou, T and Yu, K and Cheng, M and Li R and Dai, Z},
    journal = {Nucl. Eng. Des.},
    volume = {415},
    pages = {112682},
    year = {2023},
    doi = {j.nucengdes.2023.112682}
}

@article{halford2013standardized,
    title = {Standardized database development for {EEG} epileptiform transient detection: {EEG}net scoring system and machine learning analysis},
    author = {Halford, J J and Schalkoff, R J and Zhou, J and Benbadis, S R and Tatum, W O and Turner, R P and Sinha, S R and Fountain, N B and Arain, A and Pritchard, P B and Kutluay, E and Martz, G and Edwards, J C and Waters, C and Dean, B C},
    journal = {J. Neurosci. Methods},
    volume = {212},
    pages = {308},
    year = {2013},
    doi = {j.jneumeth.2012.11.005}
}

@article{lecun2015deep,
    title = {Deep learning},
    author = {Le{C}un, Y and Bengio, Y and Hinton, G},
    journal = {Nature},
    volume = {521},
    pages = {436},
    year = {2015},
    doi = {10.1038/nature14539}
}

@inproceedings{paszke2019pytorch,
    title = {Py{T}orch: An Imperative Style, High-Performance Deep Learning Library},
    author = {Paszke, A. and Gross, S. and Massa, F. and Lerer, A. and Bradbury, J. and Chanan, G. and Killeen, T. and Lin, Z. and Gimelshein, N. and Antiga, L. and Desmaison, A. and Kopf, A. and Yang, E. and DeVito, Z. and Raison, M. and Tejani, A. and Chilamkurthy, S. and Steiner, B. and Fang, L. and Bai, J. and Chintala, S.},
    booktitle = {Advances in Neural Information Processing Systems 32 (NeurIPS)},
    editor = {Wallach, H.M. and Larochelle, H. and Beygelzimer, A. and d'Alch{\'{e}}{-}Buc, F. and Fox, E.B. and Garnett, R.},
    publisher={Curran Associates Inc., Red Hook, NY, United States},
    pages = {8024--8035},
    year = {2019},
    doi = {10.48550/arXiv.1912.01703}
}

@inproceedings{kingma2015adam,
    title = {Adam: a method for stochastic optimization},
    author = {Kingma, D. and Ba, J.L.},
    booktitle = {3rd International Conference on Learning Representations (ICLR)},
    year = {2015},
    publisher = {arXiv},
    doi = {10.48550/arXiv.1412.6980}
}
